@book{Nicholas1998Handbook,
  author={Nicholas J. Higham},
  title={Handbook of Writing for the Mathematical Sciences},
  publisher={Society for Industrial and Applied Mathematics},
  year={1998},
  address={Philadelphia},
}

@book{goossens1994latex,
  title={The LATEX companion},
  author={Goossens, Michel and Mittelbach, Frank and Samarin, Alexander},
  volume={1},
  year={1994},
  publisher={Addison-Wesley Reading}
}
